@article{Dobbs2013,
   author = {Dobbs, Richard and Pohl, Herbert and Lin, Diaan-Yi and Mischke, Jan and Garemo, Nicklas and Hexter, Jimmy and Matzinger, Stefan and Palter, Robert and Nanavatty, Rushad},
   title = {Infrastructure productivity: how to save \$1 trillion a year},
   journal = {McKinsey Global Institute},
   pages = {88},
   year = {2013},
   type = {Journal Article}
}

@techreport{WorldCities,
Author                   = {{United Nations, Department of Economic and Social Affairs, Population Division}},
Title                    = {{The World's Cities in 2016}},
Institution              = {},
Year                     = {2016},
Type                     = {Data Booklet},
Number                   = {ST/ESA/SER.A/392},
Address                 = {New York, USA},
}

@techreport{PopulationDataSheet,
Author                   = {{United Nations Economic and Social Commission for Asia and the Pacific}},
Title                    = {{ESCAP Population Data Sheet 2016}},
Institution              = {},
Year                     = {2016},
Type                     = {Data Sheet},
Number                   = {},
Address                 = {Bangkok, Thailand},
Date                     = {2016-09-29},
}

@techreport{miyazakiADB,
Author                   = {Muraki, Y. and Miyazaki, H.},
Title                    = {{Space Technology and Geographic Information Systems Applications in ADB Projects}},
Institution              = {{Asian Development Bank, Regional and Sustainable Development Department, Sustainable Infrastructure Division}},
Year                     = {2014},
Type                     = {},
Number                   = {},
Address                 = {Manila, Philippines},
}

@techreport{sadoff,
Author                   = {Sadoff, C.W. and Hall, J.W. and Grey, D. and Aerts, J.C.J.H. and Ait-Kadi, M. and Brown, C. and Cox, A. and Dadson, S. and Garrick, D. and Kelman, J. and McCornick, P. and Ringler, C. and Rosegrant, M. and Whittington, D. and Wiberg, D.},
Title                    = {{Securing Water, Sustaining Growth: Report of the GWP/OECD Task Force on Water Security and Sustainable Growth}},
Institution              = {{University of Oxford}},
Year                     = {2015},
Type                     = {},
Number                   = {},
Address                 = {Oxford, UK},
}

@article{maral,
Author = {Maral, G. and De Ridder, J.-J. and Evans, B.G. and Richharia, M.},
Title = {{Low Earth Orbit Satellite Systems for Communications}},
Journal = {{International Journal of Satellite Communications}},
Year = {1991},
Volume = {9},
Pages = {209-225},
}

@article{mahsu,
Author = {Ma, D.-M. and Hsu, W.-C.},
Title = {{Exact Design of Partial Coverage Satellite Constellations over Oblate Earth}},
Journal = {{Journal of Spacecraft and Rockets}},
Year = {1997},
Volume = {34},
Number = {1},
Pages = {29-35},
Month = {January-February}
}

@article{geopotential,
Author = {MIT},
Title = {{course}},
Journal = {{blabla}},
Year = {1997},
Volume = {34},
Number = {1},
Pages = {29-35},
Month = {January-February}
}

@article{hanson,
Author = {Hanson, J.M. and Evans, M.J. and Turner, R.E.},
Title = {{Designing Good Partial Coverage Satellite Constellations}},
Journal = {{The Journal of the Astronautical Sciences}},
Year = {1992},
Volume = {40},
Number = {2},
Pages = {215-239},
Month = {April-June}
}

@article{nsga2,
Author = {Deb, K. and Pratap, A. and Agarwal, S. and Meyarivan, T.},
Title = {{A Fast and Elitist Multiobjective Genetic Algorithm: NSGA-II}},
Journal = {{IEEE Transactions on Evolutionary Computation}},
Year = {2002},
Volume = {6},
Number = {2},
Pages = {182-197},
Month = {April}
}

@techreport{APdisaster2015,
Author                   = {{United Nations Economic and Social Commission for Asia and the Pacific}},
Title                    = {{The Asia-Pacific Disaster Report 2015, Disasters without Borders}},
Institution              = {},
Year                     = {2015},
Type                     = {},
Number                   = {},
Address                 = {Bangkok, Thailand},
}

@techreport{ADBfood,
Author                   = {{Asian Development Bank}},
Title                    = {{Food security in Asia and the Pacific}},
Institution              = {},
Year                     = {2013},
Type                     = {},
Number                   = {},
Address                 = {Manila, Philippines},
}

@techreport{AWDO2016,
Author                   = {{Asian Development Bank}},
Title                    = {{Asian Water Development Outlook 2016: Strengthening Water Security in Asia and the Pacific}},
Institution              = {},
Year                     = {2016},
Type                     = {},
Number                   = {},
Address                 = {Manila, Philippines},
}

@misc{globalstar_data,
  title = {{Globalstar Data Price Plans}},
  howpublished = {\url{https://www.globalstar.com/en/index.php?cid=1470}},
  note = {Accessed: 2017-07-14}
}

@misc{globalstar_phone,
  title = {{GSP-1700 Satellite Phone}},
  howpublished = {\url{https://www.globalstar.com/shop/index.php?main_page=product_info&products_id=39}},
  note = {Accessed: 2017-07-14}
}

@misc{terminology,
  title = {{United Nations International Strategy for Disaster Reduction, Terminology}},
  howpublished = {\url{https://www.unisdr.org/we/inform/terminology}},
  note = {Accessed: 2017-04-12}
}

@misc{OCHA_clusters,
  title = {{United Nations Office for the Coordination of Humanitarian Affairs, The Clusters}},
  howpublished = {\url{https://www.unocha.org/legacy/what-we-do/coordination-tools/cluster-coordination}},
  note = {Accessed: 2017-06-15}
}

@misc{aha_centre,
  title = {{AHA Centre website}},
  howpublished = {\url{www.ahacentre.org}},
  note = {Accessed: 2017-06-17}
}

@techreport{aadmer_wp,
Author                   = {},
Title                    = {{AADMER Work Programme 2016-2020}},
Institution              = {{ASEAN Secretariat}},
Year                     = {April 2016},
Type                     = {},
Number                   = {},
Address                 = {Jakarta, Indonesia},
}

@misc{acdm,
  title = {{ASEAN Secretariat, ASEAN Ministerial Meeting on Disaster Management (AMMDM)}},
  howpublished = {\url{http://asean.org/asean-socio-cultural/asean-ministerial-meeting-on-disaster-management-ammdm/}},
  note = {Accessed: 2017-06-12}
}

@misc{cop_aadmer,
  title = {{ASEAN Secretariat, Conference of the Parties to AADMER}},
  howpublished = {\url{www.ahacentre.org}},
  note = {Accessed: 2017-06-12}
}

@misc{adrc,
  title = {{Asian Disaster Reduction Center website}},
  howpublished = {\url{http://www.adrc.asia/}},
  note = {Accessed: 2017-06-12}
}

@misc{adpc,
  title = {{Asian Disaster Preparedness Center website}},
  howpublished = {\url{http://www.adpc.net/igo/?}},
  note = {Accessed: 2017-06-12}
}

@misc{unspider_clusters,
  title = {{UN-SPIDER, The UN and Disaster Management}},
  howpublished = {\url{http://www.un-spider.org/risks-and-disasters/the-un-and-disaster-management}},
  note = {Accessed: 2017-06-15}
}

@misc{aha_centre_fp,
  title = {{AHA Centre, National Focal Points}},
  howpublished = {\url{http://ahacentre.org/national-focal-point/}},
  note = {Accessed: 2017-06-17}
}

@article{res_41_65,
Author = {United Nations General Assembly},
Title = {{Resolution 41/65}},
Journal = {{Principles relating to remote sensing of the Earth from outer space}},
Year = {December 3, 1986},
Volume = {A/RES/41/65},
Number = {},
Pages = {},
Month = {}
}

@misc{ss520_fail,
  title = {{JAXA, SS-520 4号機実験結果について}},
  howpublished = {\url{http://www.jaxa.jp/press/2017/01/20170115_ss-520-4_j.html}},
  note = {Accessed: 2017-07-14}
}

@misc{ss520_fail2,
  title = {{Sorae.jp, JAXA超小型ロケット「SS-520」、衛星軌道投入に失敗【解説あり】}},
  howpublished = {\url{http://sorae.jp/02/2017_01_15_ss520.html}},
  note = {Accessed: 2017-07-14}
}

@misc{tricom1,
  title = {{Ministry of Education, Culture, Sports, Science and Technology, SS-520 4号機のミッション概要}},
  howpublished = {\url{http://www.mext.go.jp/b_menu/shingi/gijyutu/gijyutu2/059/shiryo/__icsFiles/afieldfile/2016/11/25/1379709_11.pdf#page=11}},
  note = {Accessed: 2017-07-14}
}

@misc{iridium,
  title = {{Satphonestore.com, Iridium}},
  howpublished = {\url{http://www.satphonestore.com/tech-browsing/iridium-nav.html}},
  note = {Accessed: 2017-07-14}
}

@article{walker1970,
Author = {Walker, J.G.},
Title = {{Circular Orbit Patterns Providing Whole Earth Coverage}},
Journal = {{Royal Aircraft Establishment}},
Year = {1970},
Volume = {TR 70211},
Number = {},
Pages = {215-239},
Month = {November}
}

@article{draim1987,
Author = {Draim, J.E.},
Title = {{A Common Period Four-Satellite Continuous Global Coverage Constellation}},
Journal = {{Journal of Guidance, Control, and Dynamics}},
Year = {1987},
Volume = {10},
Number = {5},
Pages = {492-499},
Month = {}
}

@article{draim1989,
Author = {Draim, J.E.},
Title = {{Continuous Global N-tuple Coverage with 2N + 2 Satellites}},
Journal = {{American Astronautical Society}},
Year = {1989},
Volume = {AAS Paper 89-381},
Number = {},
Pages = {},
Month = {August}
}

@article{lang1987,
Author = {Lang, T.J.},
Title = {{Symmetric Circular Orbit Satellite Constellation for Global Coverage}},
Journal = {{American Astronautical Society}},
Year = {1987},
Volume = {AAS Paper 87-499},
Number = {},
Pages = {},
Month = {August}
}

@article{lang1993,
Author = {Lang, T.J.},
Title = {{Optimal Low Earth Orbit Constellation for Continuous}},
Journal = {{American Astronautical Society}},
Year = {1993},
Volume = {AAS Paper 93-597},
Number = {},
Pages = {},
Month = {August}
}

@techreport{ADBrisk2017,
Author                   = {{Asian Development Bank}},
Title                    = {{A Region at Risk: The Human Dimensions of Climate Change in Asia and the Pacific}},
Institution              = {},
Year                     = {2017},
Type                     = {},
Number                   = {},
Address                 = {Manila, Philippines},
}

@article{matsumoto,
  author       = {Matsumoto, T. and Matsui, M. and Nakasuka, S. and Fukami, T. and Aoyanagi, Y. and Inamori, T. and Tokaji, A. and Tsuruda Y. and Tanaka T. and Yamaguchi, K. and Shibayama, Y.}, 
  title        = {{Development of Store and Forward System for Hodoyoshi-3\&4 Microsatellites}},
  Journal = {{30th International Symposium on Space Technology and Science, 6th Nanosatellite Symposium}},
Year = {2015},
Volume = {},
Number = {},
Pages = {},
Month = {June}
}

@misc{sentinelasia,
  title = {{About Sentinel Asia}},
  howpublished = {\url{https://sentinel.tksc.jaxa.jp/sentinel2/MB_HTML/About/About.htm}},
  note = {Accessed: 2017-07-18}
}

@misc{icmembers,
  title = {{Charter members}},
  howpublished = {\url{https://www.disasterscharter.org/web/guest/charter-members}},
  note = {Accessed: 2017-07-18}
}

@misc{icabout,
  title = {{About the Charter}},
  howpublished = {\url{https://www.disasterscharter.org/web/guest/about-the-charter}},
  note = {Accessed: 2017-07-18}
}

@misc{singsat,
  title = {{The Strait Times, Six Singapore-made satellites to blast into space}},
  howpublished = {\url{http://www.straitstimes.com/singapore/six-singapore-made-satellites-to-blast-into-space}},
  note = {Accessed: 2017-07-18}
}

@misc{crisp,
  title = {{Center for Remote Imaging, Sensing and Processing, National University of Singapore}},
  howpublished = {\url{https://crisp.nus.edu.sg/}},
  note = {Accessed: 2017-07-18}
}

@misc{icactivation,
  title = {{Activating the Charter}},
  howpublished = {\url{https://www.disasterscharter.org/web/guest/activating-the-charter}},
  note = {Accessed: 2017-07-18}
}

@article{savitri,
  author       = {Savitri,T. and Kim, Y. and Jo, S. and Bang, H.}, 
  title        = {{Satellite Constellation Orbit Design Optimization with Combined Genetic Algorithm and Semianalytical Approach}},
  Journal = {{International Journal of Aerospace Engineering}},
Year = {2017},
Volume = {2017},
Number = {},
Pages = {},
Month = {May}
}

@article{ely,
  author       = {Ely, T. A. and Crossley, W. A. and Williams, E. A.}, 
  title        = {{Satellite Constellation Design for Zonal Coverage Using Genetic Algorithm}},
  Journal = {{The Journal of Astronautical Sciences}},
Year = {1999},
Volume = {47},
Number = {3-4},
Pages = {207-228},
Month = {July-December}
}

@misc{vnsc,
  title = {{History of the Vietnam National Satellite Center}},
  howpublished = {\url{https://vnsc.org.vn/en/about/history/}},
  note = {Accessed: 2017-07-22}
}

@article{verspieren,
  author       = {Verspieren, Q. and Coral, G. and Pyne, B.}, 
  title        = {{Space Innovation Policy for Disaster Management Capabilities: a Case Study on the Nascent Filipino Space Program}},
  Journal = {{68th International Astronautical Congress}},
Year = {2017},
Volume = {},
Number = {},
Pages = {},
Month = {September}
}

@techreport{wmo_ff,
Author                   = {Grabs, W. E.},
Title                    = {{Regional Flash Flood Guidance and Early Warning System}},
Institution              = {{World Meteorological Organization}},
Year                     = {2010},
Type                     = {Power Point Presentation for the Workshop on Integrated approach to flash flood and flood risk management},
Number                   = {},
Address                 = {Kathmandu, Nepal},
}

@misc{noaa_ff,
  title = {{What is Flash Flooding?}},
  howpublished = {\url{https://www.weather.gov/phi/FlashFloodingDefinition}},
  note = {Accessed: 2017-07-24}
}

@techreport{drag,
Author                   = {De Vries, W.},
Title                    = {{Cubesat Drag Calculations}},
Institution              = {{Lawrence Livermore National Laboratory}},
Year                     = {2010},
Type                     = {Technical Report},
Number                   = {LLNL-TR-453771},
Address                 = {USA},
}

@misc{adb_cycle,
  title = {{Asian Development Bank - Project Cycle}},
  howpublished = {\url{https://www.adb.org/site/disclosure/public-communications-policy/cycle}},
  note = {Accessed: 2017-07-26}
}

@techreport{wb_project,
Author                   = {{World Bank}},
Title                    = {{Investment Project Financing}},
Institution              = {},
Year                     = {2017},
Type                     = {Bank Directive},
Number                   = {OPS5.03-DIR.108},
Address                 = {Washington D.C., USA},
Date                     = {2017-07-14},
}

@book{orbmec,
    author    = {Curtis, H. D.},
    title     = {{Orbital Mechanics for Engineering Students}},
    year      = {2005},
    publisher = {Elsevier Butterworth-Heinemann},
    address   = {Oxford, UK}
}

@techreport{oecd_ddi,
Title                    = {{Data-Driven Innovation -- Big Data for Growth and Well-Being}},
Institution              = {{OECD}},
Year                     = {October 2015},
Address                 = {Paris, France}}

@techreport{mpac,
Title                    = {{Master Plan on ASEAN Connectivity 2025}},
Institution              = {{ASEAN Secretariat}},
Year                     = {August 2016},
Address                 = {Jakarta, Indonesia}}

@techreport{asccb,
Title                    = {{ASEAN Socio-Cultural Community Blueprint 2025}},
Institution              = {{ASEAN Secretariat}},
Year                     = {March 2016},
Address                 = {Jakarta, Indonesia}}